<?xml version="1.0" encoding="UTF-8"?><collection xmlns="http://www.loc.gov/MARC21/slim"><record><leader>00360nam--2200133-i-4500</leader><controlfield tag="001">000003975</controlfield><controlfield tag="002">20161230</controlfield><controlfield tag="005">20161230201025</controlfield><controlfield tag="008">060222s1000------------r-----000-0-eng-d</controlfield><datafield ind1=" " ind2=" " tag="080"><subfield code="a">621.19</subfield></datafield><datafield ind1=" " ind2=" " tag="100"><subfield code="a">Contiu, Traian</subfield></datafield><datafield ind1=" " ind2=" " tag="245"><subfield code="a">Culegere de probleme din teoria mecanismelor si a masinilor</subfield></datafield><datafield ind1=" " ind2=" " tag="260"><subfield code="a">Bucuresti, Editura Tehnica, 1957 471 + 4 Pl</subfield></datafield><datafield ind1=" " ind2=" " tag="852"><subfield code="a">4922</subfield></datafield></record></collection>